%%%%%%%%%%%%%%%%%%%%%%%%%%%%%%%%%%%%% PERIODICOS %%%%%%%%%%%%%%%%%%%%%%%%%%%%%%%%%%%%%%%%%%%%%%%%
@Periodical{France242021,
  title    = {{T}erremotos en {A}fganistán, con más de 2.000 muertos, entre los más letales de ese país desde 1998},
  year     = {2021},
  editor   = {France24},
  language = {spanish},
  month    = oct,
  url      = {https://www.france24.com/es/asia-pacífico/20231008-terremotos-en-afganistán-con-más-de-2-000-muertos-entre-los-más-letales-de-ese-país-desde-1998},
  groups   = {Periódico},
}
@Periodical{Milo2023,
  title        = {{T}erremoto de 1985, la cat{\'a}strofe que cambi{\'o} el rostro de {M}{\'e}xico},
  year         = {2023},
  editor       = {Alberto Milo},
  language     = {spanish},
  month        = aug,
  organization = {National Geographic},
  url          = {https://www.ngenespanol.com/el-mundo/terremoto-de-1985-la-catastrofe-que-cambio-el-rostro-de-mexico/},
  groups       = {Periódico},
}
@Periodical{Angulo2024,
  title        = {A 17 años del terrible terremoto en {P}isco, las cicatrices que dejó este sismo en la zona centro-sur del {P}erú},
  year         = {2024},
  editor       = {Jazmine Angulo},
  language     = {spanish},
  month        = mar,
  organization = {Infobae},
  url          = {https://www.infobae.com/peru/2023/08/15/a-16-anos-del-terrible-terremoto-en-pisco-las-cicatrices-que-dejo-este-sismo-en-la-zona-centro-sur-del-peru/},
  groups       = {Periódico},
}
@Periodical{Leon2024,
  title        = {Sismos en {A}requipa: luego del temblor de magnitud 7.0 se registran más de 20 réplicas en {C}aravelí},
  year         = {2024},
  editor       = {Valeri León},
  language     = {spanish},
  month        = jun,
  organization = {Infobae},
  url          = {https://www.infobae.com/peru/2024/06/28/temblor-de-magnitud-7-se-sintio-en-lima-epicentro-fue-en-arequipa/},
}


%%%%%%%%%%%%%%%%%%%%%%%%%%%%%%%%%%%%% ARTICULOS %%%%%%%%%%%%%%%%%%%%%%%%%%%%%%%%%%%%%%%%%%%%%%%%
@Article{Liu2023,
  author    = {Liu, Yaohui and Zhang, Xinyu and Liu, Wenyi and Lin, Yu and Su, Fei and Cui, Jian and Wei, Benyong and Cheng, Hao and Gross, Lutz},
  journal   = {Geomatics, Natural Hazards and Risk},
  title     = {{S}eismic vulnerability and risk assessment at the urban scale using support vector machine and {GIS}cience technology: a case study of the {L}ixia {D}istrict in {J}inan {C}ity, {C}hina},
  year      = {2023},
  issn      = {1947-5713},
  month     = mar,
  number    = {1},
  volume    = {14},
  doi       = {10.1080/19475705.2023.2173663},
  groups    = {Articulos},
  publisher = {Informa UK Limited},
}

@Article{Ertuerk2022,
  author    = {Esin Ertürk and Batuhan Aykanat and Ahmet Can Altunışık and Mehmet Emin Arslan},
  journal   = {Journal of Structural Engineering and Applied Mechanics},
  title     = {Seismic damage assessment based on site observation following the Düzce (Gölyaka) earthquake (Mw = 5.9, November 23, 2022)},
  year      = {2022},
  issn      = {2630-5763},
  month     = {dec},
  number    = {4},
  volume    = {5},
  doi       = {10.31462/jseam.2022.04197221},
  groups    = {Articulos},
  publisher = {Golden Light Publishing},
}

@Article{AbreuSuarez2017,
  author    = {Abreu Suarez, Alirio José},
  journal   = {Revista Scientific},
  title     = {{L}a {\'E}tica en la {I}nvestigación {E}ducativa},
  year      = {2017},
  issn      = {2542-2987},
  month     = may,
  number    = {4},
  pages     = {338--350},
  volume    = {2},
  doi       = {10.29394/scientific.issn.2542-2987.2017.2.4.19.338-350},
  groups    = {Article},
  publisher = {INDTEC, C.A.},
}

@Article{JimenezRios2023,
  author    = {Jiménez Rios, Alejandro},
  journal   = {Applied Sciences},
  title     = {Learning from the {P}ast: {P}arametric {A}nalysis of {C}ob {W}alls},
  year      = {2023},
  issn      = {2076-3417},
  month     = aug,
  number    = {15},
  pages     = {9045},
  volume    = {13},
  doi       = {10.3390/app13159045},
  publisher = {MDPI AG},
}

@Article{Wang2023,
  author    = {Wang, Haoran and Yuan, Kang and Zhang, Songlin and Guo, Junlin},
  journal   = {Sustainability},
  title     = {Experimental {S}tudy on the {S}eismic {B}ehavior of a {M}odified {A}dobe-{B}rick-{M}asonry {C}omposite {W}all with a {W}ooden-{C}onstruction {C}enter {C}olumn},
  year      = {2023},
  issn      = {2071-1050},
  month     = may,
  number    = {10},
  pages     = {8360},
  volume    = {15},
  doi       = {10.3390/su15108360},
  groups    = {Periódico},
  publisher = {MDPI AG},
}

@Article{Romanazzi2023,
  author    = {A. Romanazzi and D.V. Oliveira and R.A. Silva and A. Barontini},
  journal   = {Construction and Building Materials},
  title     = {{E}ffectiveness of a {TRM} solution for rammed earth under in-plane cyclic loads},
  year      = {2023},
  issn      = {0950-0618},
  month     = dec,
  pages     = {133551},
  volume    = {407},
  doi       = {10.1016/j.conbuildmat.2023.133551},
  groups    = {Articulos},
  publisher = {Elsevier BV},
}

@Article{LopezP.2020,
  author    = {López P., Cecilia and Ruiz, Daniel and Jerez, Sandra and Aguilar, Sandra and Torres, Juan F. and Alvarado, Yezid A.},
  journal   = {Informes de la Construcción},
  title     = {Comportamiento sísmico de edificaciones de tapia pisada reforzadas con marcos de madera y viga de coronación en concreto},
  year      = {2020},
  issn      = {0020-0883},
  month     = sep,
  number    = {559},
  pages     = {347},
  volume    = {72},
  doi       = {10.3989/ic.70914},
  groups    = {Articulos},
  publisher = {Editorial CSIC},
}

@Article{OteroMonteza2022,
  author    = {Otero Monteza, Danty Alexander and Díaz Figueroa, Miguel Augusto},
  journal   = {TECNIA},
  title     = {Influence of the aspect ratio on seismic performance of adobe buildings},
  year      = {2022},
  issn      = {0375-7765},
  month     = aug,
  number    = {2},
  pages     = {59--75},
  volume    = {32},
  doi       = {10.21754/tecnia.v32i2.1413},
  groups    = {Articulos},
  publisher = {Universidad Nacional de Ingenieria},
}

@Article{QuirozHuaraya2021,
  author    = {Quiroz Huaraya, Hugo Aarom and Tena Guti{\'e}rrez, C{\'e}sar Augusto},
  title     = {Propuesta de reforzamiento estructural de viviendas de adobe utilizando mallas de acero electrosoldadas en {H}uarangal-{C}arabayllo},
  year      = {2021},
  publisher = {Universidad Peruana de Ciencias Aplicadas (UPC)},
}

@Article{CerveraTimana2023,
  author    = {Cervera Timana, Oscar Luis},
  title     = {{E}valuaci{\'o}n de la vulnerabilidad s{\'\i}smica en las edificaciones de la zona sur-este del distrito de {L}ambayeque},
  year      = {2023},
  groups    = {Articulos},
  publisher = {Universidad Cat{\'o}lica Santo Toribio de Mogrovejo},
}


%%%%%%%%%%%%%%%%%%%%%%%%%%%%%%%%%%%%% MASTER THESIS %%%%%%%%%%%%%%%%%%%%%%%%%%%%%%%%%%%%%%%%%%%%%%%%
@MastersThesis{TorresMoreno2022,
  author = {Torres Moreno, Jeancarlos Andres and Quishpe Vimos, Luis Vinicio},
  school = {Riobamba, Universidad Nacional de Chimborazo},
  title  = {Influencia de la resistencia a la compresi{\'o}n y m{\'o}dulo de elasticidad del adobe en el comportamiento estructural de viviendas patrimoniales},
  year   = {2022},
  type   = {{B.S.} thesis},
}

@MastersThesis{AmaguayBermeo2022,
  author = {Amaguay Bermeo, Liliana Estefania},
  school = {Universidad Politécnica Saleciana Ecuador},
  title  = {Evaluaci{\'o}n y reforzamiento estructural, incorporando mamposter{\'\i}a enchapada y alternativa para el mejoramiento de suelo o refuerzo de cimentaci{\'o}n de una edificaci{\'o}n que presenta asentamientos diferenciales},
  year   = {2022},
  type   = {{B.S.} thesis},
}

%%%%%%%%%%%%%%%%%%%%%%%%%%%%%%%%%%%%% INFORMES %%%%%%%%%%%%%%%%%%%%%%%%%%%%%%%%%%%%%%%%%%%%%%%%
@TechReport{Ampil2010,
  author      = {Mési Ampil},
  institution = {Cruz Roja Española},
  title       = {{I}nforme de situación. {P}lan de acción terremoto en haití. {A}gosto de 2010},
  year        = {2010},
  month       = aug,
  groups      = {Informes},
  url         = {https://www.cruzroja.es/pls/portal30/docs/PAGE/CANCRE/COPY_OF_TERREMOTOHAITI66/COPY_OF_RESPUESTACRE/HAIT�_INFORME DE SITUACI�N_AGOSTO 2010.PDF},
}


%%%%%%%%%%%%%%%%%%%%%%%%%%%%%%%%%%%%% VARIOS %%%%%%%%%%%%%%%%%%%%%%%%%%%%%%%%%%%%%%%%%%%%%%%%
@Misc{UGRD2010,
  author       = {{Unidad de Gesti{\'o}n de Riesgos y Desastres}},
  howpublished = {Online},
  month        = feb,
  title        = {El terremoto de {C}hile de 2010},
  year         = {2010},
  groups       = {Varios},
  url          = {https://emergenciaydesastres.mineduc.cl/el-terremoto-de-chile-de-2010/},
}

@Misc{IGP2019,
  author       = {{Instituto Geof{\'i}sico del Per{\'u}}},
  howpublished = {Online},
  month        = oct,
  title        = {{I}nstituto {G}eofísico del {P}erú: {S}e cumplen 45 años del último terremoto que afectó {L}ima el 03 de octubre de 1974},
  year         = {2019},
  url          = {https://www.gob.pe/institucion/igp/noticias/73974-instituto-geofisico-del-peru-se-cumplen-45-anos-del-ultimo-terremoto-que-afecto-lima-el-03-de-octubre-de-1974},
}

@Misc{INDC2014,
  author       = {{Instituto Nacional de Defensa Civil}},
  howpublished = {Online},
  month        = sep,
  title        = {Informe 04-{S}ismo en {P}aruro-{C}usco},
  year         = {2014},
  groups       = {Varios},
  url          = {http://bvpad.indeci.gob.pe/doc/pdf/esp/doc2648/doc2648-contenido.pdf},
}


%%%%%%%%%%%%%%%%%%%%%%%%%%%%%%%%%%%%% BOOK %%%%%%%%%%%%%%%%%%%%%%%%%%%%%%%%%%%%%%%%%%%%%%%%
@Book{SilvestreMiraya2019,
  author  = {Silvestre Miraya, Irenzon and Huam{\'a}n Nahula, Cecilia},
  editor  = {{{S}an {M}arcos}},
  title   = {Pasos para elaborar la investigaci{\'o}n y la redacci{\'o}n de la tesis universitaria},
  year    = {2019},
  edition = {I},
  isbn    = {978-612-315-582-7},
  month   = jan,
  groups  = {Book},
}


@Book{HernandezSampieri2014,
  author    = {Hern{\'a}ndez Sampieri, Roberto and Fern{\'a}ndez Collado, Carlos and Baptista Lucio, Mar{\'ia} del Pilar},
  editor    = {Mc Graw Hill},
  publisher = {McGraw Hill Education},
  title     = {Metodología de la investigación. - 6. edición},
  year      = {2014},
  address   = {Prolongación Paseo de la Reforma 1015, Torre APiso 17, Colonia Desarrollo Santa Fe,Delegación Álvaro Obregón},
  edition   = {VI},
  isbn      = {9781456223960},
  month     = apr,
  eprint    = {McGRAW-HILL / INTERAMERICANA EDITORES, S.A. DE C.V},
  groups    = {Book},
  pages     = {600},
}


@Book{SanchezCarlessi2015,
  author    = {Sánchez Carlessi, Hugo and Reyes Meza, Carlos},
  publisher = {Business Support Anneth SRL},
  title     = {Metodolog{\'i}a y diseños en la investigaci{\'o}n científ{\'i}ca},
  year      = {2015},
  address   = {Lima- Perú},
  edition   = {V},
  isbn      = {978-612-46842-2-7},
  month     = jul,
  groups    = {Book},
}

@Book{AriasGonzales2022,
  author  = {Arias Gonz{\'a}les, Jos{\'e} Luis and Covinos Gallardo, Mitsuo},
  title   = {Diseño y metodolog{\'i}a de investigaci{\'o}n},
  year    = {2022},
  address = {Prolongación Avenida Ejercito 618},
  edition = {I},
  isbn    = {978-612-48444-2-3},
  month   = jul,
  eprint  = {Enfoques Consulting EIRL},
  groups  = {Book},
  url     = {http://www.cienciaysociedad.org/},
}

@Book{Tamayo2004,
  author    = {Tamayo, Mario},
  publisher = {Limusa},
  title     = {{E}l {P}roceso de la investigacion cientifica / {T}he {P}rocess of {S}cientific {I}nvestigation},
  year      = {2004},
  edition   = {IV},
  isbn      = {9789681858728},
  groups    = {Book},
  pages     = {440},
}

@Book{RiosRamirez2017,
  author  = {Ríos Ramírez, Roger Ricardo},
  editor  = {Grupo de investigación (SEJ 309) eumed.net de la Universidadde Málaga, España},
  title   = {Metodolog{\'i}a para la investigaci{\'o}n y redacci{\'o}n},
  year    = {2017},
  address = {Campus Universitario Teatinos Boulevar Louis Pasteur, 4 Málaga 29071, España},
  edition = {I},
  isbn    = {978-84-17211-23-3},
  month   = sep,
  series  = {Biblioteca Virtual de Derecho, Economía y Ciencias Sociales},
  groups  = {Book},
}

@Book{AriasGonzales2020,
  author  = {Arias Gonzales, Jose Luis},
  title   = {{P}royecto de tesis {G}u{\'i}a para la elaboraci{\'o}n},
  year    = {2020},
  address = {Prolongación Avenida Ejercito 618Telef. Arequipa-Perú},
  edition = {I},
  isbn    = {978-612-00-5416-1},
  month   = sep,
  groups  = {Book},
}

@Book{Zacarias2020,
  author    = {Zacarías, Héctor and Supo, José},
  publisher = {Independently Published},
  title     = {{M}etodolog{\'i}a de la {I}nvestigaci{\'o}n {C}ient{\'i}fica {P}ara las {C}iencias de la {S}alud y las {C}iencias {S}ociales},
  year      = {2020},
  edition   = {III},
  isbn      = {9798656825252},
  groups    = {Book},
}

@Book{NaupasPaitan2014,
  author    = {Ñaupas Paitán, Humberto and Mejía Mejía, Elias and Novoa Ramírez, Eliana and Villagomez Paucar, Alberto},
  publisher = {Ediciones de la U},
  title     = {Metodología de la investigación : cuantitativa, cualitativa y redacción de la tesis - 4. ed.},
  year      = {2014},
  address   = {Bogotá, Colombia},
  edition   = {IV},
  isbn      = {9789587621884},
  month     = apr,
  groups    = {Book},
}

@Book{LimaOrbegoso2022,
  author  = {Lima Orbegoso, Rocío del Milagro},
  title   = {7 {P}oderosos {S}ecretos para una {T}esis de {\'E}xito},
  year    = {2022},
  edition = {I},
  month   = apr,
  groups  = {Book},
}

%%%%%%%%%%%%%%%%%%%%%%%%%%%%%%%%%%%%% STANDARD %%%%%%%%%%%%%%%%%%%%%%%%%%%%%%%%%%%%%%%%%%%%%%%%
@Standard{IOS2021,
  organization = {Non-Governmental Organization},
  title        = {{ISO/IEC} {D}irectives, part 2 {P}rinciples and rules for the structure and drafting of {ISO} and {IEC} documents},
  address      = {Switzerland, CH-1214 Vernier, Geneva},
  author       = {{International Organization for Standardization}},
  howpublished = {Online},
  language     = {English},
  number       = {690},
  revision     = {IX},
  url          = {https://www.iso.org/sites/directives/current/part2/index.xhtml},
  year         = {2021},
  groups       = {Standard},
}

@Standard{CRP2023,
  institution  = {Poder Legislativo},
  organization = {Estado Peruano},
  title        = {{L}ey de transparencia y acceso a la información p{\'u}blica},
  address      = {Plaza Bolívar, Av. Abancay s/n - Lima, Perú},
  author       = {{Congreso de la Rep{\'u}blica del Per{\'u}}},
  howpublished = {Online},
  language     = {spanish},
  month        = jun,
  number       = {27806},
  url          = {https://busquedas.elperuano.pe/dispositivo/NL/2186594-2},
  year         = {2023},
  groups       = {Standard},
}

@Standard{VRI2018,
  institution  = {{U}niversidad Nacional Micaela Bastidas de Apur{\'i}mac},
  organization = {Universidad Nacional Micaela Bastidas de Apur{\'i}mac},
  title        = {C{\'o}digo de {\'e}tica para la investigaci{\'o}n},
  address      = {Ciudad Universitaria, Tamburco},
  author       = {{Vice Rectorado de Investigaci{\'o}n}},
  language     = {spanish},
  number       = {093-010},
  url          = {https://vrin.unamba.edu.pe/reglamentos},
  year         = {2018},
  groups       = {Standard},
}

%%%%%%%%%%%%%%%%%%%%%%%%%%%%%%%%%%%%% MANUAL %%%%%%%%%%%%%%%%%%%%%%%%%%%%%%%%%%%%%%%%%%%%%%%%
@Manual{CENEPRED2014,
  title        = {Manual para la evaluaci{\'o}n de riesgos originados por fenómenos naturales},
  address      = {Av. Del Parque Norte N° 313 - 319. San Isidro - Lima - Perú},
  author       = {CENEPRED},
  edition      = {II},
  month        = mar,
  organization = {Centro Nacional de Estimaci{\'o}n Prevenci{\'o}n y Reducci{\'o}n del riesgo de Desastres},
  year         = {2014},
  groups       = {Manual},
  url          = {http://www.cenepred.gob.pe/},
}