@Periodical{France242021,
  title    = {{T}erremotos en {A}fganistán, con más de 2.000 muertos, entre los más letales de ese país desde 1998},
  year     = {2021},
  editor   = {France24},
  language = {spanish},
  month    = oct,
  url      = {https://www.france24.com/es/asia-pacífico/20231008-terremotos-en-afganistán-con-más-de-2-000-muertos-entre-los-más-letales-de-ese-país-desde-1998},
  groups   = {Periódico},
}

@Article{Liu2023,
  author    = {Liu, Yaohui and Zhang, Xinyu and Liu, Wenyi and Lin, Yu and Su, Fei and Cui, Jian and Wei, Benyong and Cheng, Hao and Gross, Lutz},
  journal   = {Geomatics, Natural Hazards and Risk},
  title     = {{S}eismic vulnerability and risk assessment at the urban scale using support vector machine and {GIS}cience technology: a case study of the {L}ixia {D}istrict in {J}inan {C}ity, {C}hina},
  year      = {2023},
  issn      = {1947-5713},
  month     = mar,
  number    = {1},
  volume    = {14},
  doi       = {10.1080/19475705.2023.2173663},
  groups    = {Articulos},
  publisher = {Informa UK Limited},
}

@Article{Ertuerk2022,
  author    = {Esin Ertürk and Batuhan Aykanat and Ahmet Can Altunışık and Mehmet Emin Arslan},
  journal   = {Journal of Structural Engineering and Applied Mechanics},
  title     = {Seismic damage assessment based on site observation following the Düzce (Gölyaka) earthquake (Mw = 5.9, November 23, 2022)},
  year      = {2022},
  issn      = {2630-5763},
  month     = {dec},
  number    = {4},
  volume    = {5},
  doi       = {10.31462/jseam.2022.04197221},
  groups    = {Articulos},
  publisher = {Golden Light Publishing},
}

@TechReport{Ampil2010,
  author      = {Mési Ampil},
  institution = {Cruz Roja Española},
  title       = {{I}nforme de situación. {P}lan de acción terremoto en haití. {A}gosto de 2010},
  year        = {2010},
  month       = aug,
  groups      = {Informes},
  url         = {https://www.cruzroja.es/pls/portal30/docs/PAGE/CANCRE/COPY_OF_TERREMOTOHAITI66/COPY_OF_RESPUESTACRE/HAIT�_INFORME DE SITUACI�N_AGOSTO 2010.PDF},
}

@Periodical{Milo2023,
  title        = {{T}erremoto de 1985, la cat{\'a}strofe que cambi{\'o} el rostro de {M}{\'e}xico},
  year         = {2023},
  editor       = {Alberto Milo},
  language     = {spanish},
  month        = aug,
  organization = {National Geographic},
  url          = {https://www.ngenespanol.com/el-mundo/terremoto-de-1985-la-catastrofe-que-cambio-el-rostro-de-mexico/},
  groups       = {Periódico},
}

@Misc{UGRD2010,
  author       = {{Unidad de Gesti{\'o}n de Riesgos y Desastres}},
  howpublished = {Online},
  month        = feb,
  title        = {El terremoto de {C}hile de 2010},
  year         = {2010},
  groups       = {Varios},
  url          = {https://emergenciaydesastres.mineduc.cl/el-terremoto-de-chile-de-2010/},
}

@Misc{IGP2019,
  author       = {{Instituto Geof{\'i}sico del Per{\'u}}},
  howpublished = {Online},
  month        = oct,
  title        = {{I}nstituto {G}eofísico del {P}erú: {S}e cumplen 45 años del último terremoto que afectó {L}ima el 03 de octubre de 1974},
  year         = {2019},
  url          = {https://www.gob.pe/institucion/igp/noticias/73974-instituto-geofisico-del-peru-se-cumplen-45-anos-del-ultimo-terremoto-que-afecto-lima-el-03-de-octubre-de-1974},
}

@Periodical{Angulo2024,
  title        = {A 17 años del terrible terremoto en {P}isco, las cicatrices que dejó este sismo en la zona centro-sur del {P}erú},
  year         = {2024},
  editor       = {Jazmine Angulo},
  language     = {spanish},
  month        = mar,
  organization = {Infobae},
  url          = {https://www.infobae.com/peru/2023/08/15/a-16-anos-del-terrible-terremoto-en-pisco-las-cicatrices-que-dejo-este-sismo-en-la-zona-centro-sur-del-peru/},
  groups       = {Periódico},
}

@Periodical{Leon2024,
  title        = {Sismos en {A}requipa: luego del temblor de magnitud 7.0 se registran más de 20 réplicas en {C}aravelí},
  year         = {2024},
  editor       = {Valeri León},
  language     = {spanish},
  month        = jun,
  organization = {Infobae},
  url          = {https://www.infobae.com/peru/2024/06/28/temblor-de-magnitud-7-se-sintio-en-lima-epicentro-fue-en-arequipa/},
}

@Misc{INDC2014,
  author       = {{Instituto Nacional de Defensa Civil}},
  howpublished = {Online},
  month        = sep,
  title        = {Informe 04-{S}ismo en {P}aruro-{C}usco},
  year         = {2014},
  groups       = {Varios},
  url          = {http://bvpad.indeci.gob.pe/doc/pdf/esp/doc2648/doc2648-contenido.pdf},
}

@Article{Blagojevic2023,
  author    = {Blagojević, Nikola and Brzev, Svetlana and Petrović, Milica and Borozan, Jovana and Bulajić, Borko and Marinković, Marko and Hadzima-Nyarko, Marijana and Koković, Veljko and Stojadinović, Božidar},
  journal   = {Bulletin of Earthquake Engineering},
  title     = {Residential building stock in {S}erbia: classification and vulnerability for seismic risk studies},
  year      = {2023},
  issn      = {1573-1456},
  month     = apr,
  number    = {9},
  pages     = {4315--4383},
  volume    = {21},
  doi       = {10.1007/s10518-023-01676-0},
  groups    = {Articulos},
  publisher = {Springer Science and Business Media LLC},
}

@Article{JimenezRios2023,
  author    = {Jiménez Rios, Alejandro},
  journal   = {Applied Sciences},
  title     = {Learning from the {P}ast: {P}arametric {A}nalysis of {C}ob {W}alls},
  year      = {2023},
  issn      = {2076-3417},
  month     = aug,
  number    = {15},
  pages     = {9045},
  volume    = {13},
  doi       = {10.3390/app13159045},
  publisher = {MDPI AG},
}

@Article{Wang2023,
  author    = {Wang, Haoran and Yuan, Kang and Zhang, Songlin and Guo, Junlin},
  journal   = {Sustainability},
  title     = {Experimental {S}tudy on the {S}eismic {B}ehavior of a {M}odified {A}dobe-{B}rick-{M}asonry {C}omposite {W}all with a {W}ooden-{C}onstruction {C}enter {C}olumn},
  year      = {2023},
  issn      = {2071-1050},
  month     = may,
  number    = {10},
  pages     = {8360},
  volume    = {15},
  doi       = {10.3390/su15108360},
  groups    = {Periódico, Articulos},
  publisher = {MDPI AG},
}

@Article{Romanazzi2023,
  author    = {A. Romanazzi and D.V. Oliveira and R.A. Silva and A. Barontini},
  journal   = {Construction and Building Materials},
  title     = {{E}ffectiveness of a {TRM} solution for rammed earth under in-plane cyclic loads},
  year      = {2023},
  issn      = {0950-0618},
  month     = dec,
  pages     = {133551},
  volume    = {407},
  doi       = {10.1016/j.conbuildmat.2023.133551},
  groups    = {Articulos},
  publisher = {Elsevier BV},
}

@Article{LopezP.2020,
  author    = {López P., Cecilia and Ruiz, Daniel and Jerez, Sandra and Aguilar, Sandra and Torres, Juan F. and Alvarado, Yezid A.},
  journal   = {Informes de la Construcción},
  title     = {Comportamiento sísmico de edificaciones de tapia pisada reforzadas con marcos de madera y viga de coronación en concreto},
  year      = {2020},
  issn      = {0020-0883},
  month     = sep,
  number    = {559},
  pages     = {347},
  volume    = {72},
  doi       = {10.3989/ic.70914},
  groups    = {Articulos},
  publisher = {Editorial CSIC},
}

@MastersThesis{TorresMoreno2022,
  author = {Torres Moreno, Jeancarlos Andres and Quishpe Vimos, Luis Vinicio},
  school = {Riobamba, Universidad Nacional de Chimborazo},
  title  = {Influencia de la resistencia a la compresi{\'o}n y m{\'o}dulo de elasticidad del adobe en el comportamiento estructural de viviendas patrimoniales},
  year   = {2022},
  type   = {{B.S.} thesis},
}

@MastersThesis{AmaguayBermeo2022,
  author = {Amaguay Bermeo, Liliana Estefania},
  school = {Universidad Politécnica Saleciana Ecuador},
  title  = {Evaluaci{\'o}n y reforzamiento estructural, incorporando mamposter{\'\i}a enchapada y alternativa para el mejoramiento de suelo o refuerzo de cimentaci{\'o}n de una edificaci{\'o}n que presenta asentamientos diferenciales},
  year   = {2022},
  type   = {{B.S.} thesis},
}

@Article{OteroMonteza2022,
  author    = {Otero Monteza, Danty Alexander and Díaz Figueroa, Miguel Augusto},
  journal   = {TECNIA},
  title     = {Influence of the aspect ratio on seismic performance of adobe buildings},
  year      = {2022},
  issn      = {0375-7765},
  month     = aug,
  number    = {2},
  pages     = {59--75},
  volume    = {32},
  doi       = {10.21754/tecnia.v32i2.1413},
  groups    = {Articulos},
  publisher = {Universidad Nacional de Ingenieria},
}

@Article{QuirozHuaraya2021,
  author    = {Quiroz Huaraya, Hugo Aarom and Tena Guti{\'e}rrez, C{\'e}sar Augusto},
  title     = {Propuesta de reforzamiento estructural de viviendas de adobe utilizando mallas de acero electrosoldadas en {H}uarangal--{C}arabayllo},
  year      = {2021},
  publisher = {Universidad Peruana de Ciencias Aplicadas (UPC)},
}

@Article{CerveraTimana2023,
  author    = {Cervera Timana, Oscar Luis},
  title     = {{E}valuaci{\'o}n de la vulnerabilidad s{\'\i}smica en las edificaciones de la zona sur-este del distrito de {L}ambayeque},
  year      = {2023},
  groups    = {Articulos},
  publisher = {Universidad Cat{\'o}lica Santo Toribio de Mogrovejo},
}

@Manual{CENEPRED2014,
  title        = {Manual para la evaluaci{\'o}n de riesgos originados por fenómenos naturales},
  address      = {Av. Del Parque Norte N° 313 - 319. San Isidro - Lima - Perú},
  author       = {CENEPRED},
  edition      = {II},
  month        = mar,
  organization = {Centro Nacional de Estimaci{\'o}n Prevenci{\'o}n y Reducci{\'o}n del riesgo de Desastres},
  year         = {2014},
  groups       = {Manual},
  url          = {http://www.cenepred.gob.pe/},
}

@Comment{jabref-meta: databaseType:bibtex;}

@Comment{jabref-meta: grouping:
0 AllEntriesGroup:;
1 StaticGroup:Periódico\;0\;1\;\;MDI_ACCOUNT_CARD_DETAILS\;Informes periodísticos\;;
1 StaticGroup:Articulos\;0\;1\;\;\;Articulos relacionados con la investigación\;;
1 StaticGroup:Informes\;0\;1\;\;MDI_ACCOUNT_CONVERT\;Informes tecnicos\;;
1 StaticGroup:Varios\;0\;1\;\;MDI_ACCESS_POINT_NETWORK\;\;;
1 StaticGroup:Book\;0\;1\;\;MDI_BOOK\;\;;
1 StaticGroup:Manual\;0\;1\;\;\;\;;
}

% LIBROS
